<record><leader>00000cas a2200000 a 4500</leader><controlfield tag="001">46869504</controlfield><controlfield tag="008">010503u1927uuuumiuwr n       0    0eng c</controlfield><datafield ind1=" " ind2=" " tag="010"><subfield code="a">sn2001061668</subfield></datafield><datafield ind1=" " ind2=" " tag="040"><subfield code="a">MHN</subfield><subfield code="b">eng</subfield><subfield code="c">MHN</subfield><subfield code="d">OCLCQ</subfield><subfield code="d">OCLCF</subfield><subfield code="d">OCLCO</subfield></datafield><datafield ind1="1" ind2=" " tag="029"><subfield code="a">AU@</subfield><subfield code="b">000022685291</subfield></datafield><datafield ind1=" " ind2=" " tag="042"><subfield code="a">pcc</subfield></datafield><datafield ind1=" " ind2=" " tag="043"><subfield code="a">n-us-mi</subfield></datafield><datafield ind1="0" ind2=" " tag="130"><subfield code="a">Wakefield news (Wakefield, Mich.)</subfield></datafield><datafield ind1="1" ind2="4" tag="245"><subfield code="a">The Wakefield news.</subfield></datafield><datafield ind1=" " ind2=" " tag="260"><subfield code="a">Wakefield, Mich. :</subfield><subfield code="b">H.L. Trezise</subfield></datafield><datafield ind1=" " ind2=" " tag="300"><subfield code="a">v.</subfield></datafield><datafield ind1=" " ind2=" " tag="310"><subfield code="a">Weekly</subfield></datafield><datafield ind1="0" ind2=" " tag="362"><subfield code="a">Vol. 15, no. 33 (Mar. 5, 1927)-</subfield></datafield><datafield ind1=" " ind2="0" tag="651"><subfield code="a">Wakefield (Mich.)</subfield><subfield code="v">Newspapers.</subfield></datafield><datafield ind1=" " ind2="0" tag="651"><subfield code="a">Gogebic County (Mich.)</subfield><subfield code="v">Newspapers.</subfield></datafield><datafield ind1=" " ind2="7" tag="655"><subfield code="a">Newspapers.</subfield><subfield code="2">fast</subfield><subfield code="0">(OCoLC)fst01423814</subfield></datafield><datafield ind1=" " ind2="7" tag="651"><subfield code="a">Michigan</subfield><subfield code="z">Gogebic County.</subfield><subfield code="2">fast</subfield><subfield code="0">(OCoLC)fst01214766</subfield></datafield><datafield ind1=" " ind2="7" tag="651"><subfield code="a">Michigan</subfield><subfield code="z">Wakefield.</subfield><subfield code="2">fast</subfield><subfield code="0">(OCoLC)fst01233964</subfield></datafield><datafield ind1=" " ind2=" " tag="752"><subfield code="a">United States</subfield><subfield code="b">Michigan</subfield><subfield code="c">Gogebic</subfield><subfield code="d">Wakefield.</subfield></datafield><datafield ind1="0" ind2="0" tag="780"><subfield code="t">Wakefield news and Wakefield advocate</subfield><subfield code="w">(DLC)sn2001061667</subfield><subfield code="w">(OCoLC)46869455</subfield></datafield></record>